
@article{ding2014similarity,
  title={Similarity-based machine learning methods for predicting drug--target interactions: a brief review},
  author={Ding, Hao and Takigawa, Ichigaku and Mamitsuka, Hiroshi and Zhu, Shanfeng},
  journal={Briefings in Bioinformatics},
  volume={15},
  number={5},
  pages={734--747},
  year={2014},
  publisher={Oxford Univ Press}
}

@article{liu2016neighborhood,
  title={Neighborhood Regularized Logistic Matrix Factorization for Drug-Target Interaction Prediction},
  author={Liu, Yong and Wu, Min and Miao, Chunyan and Zhao, Peilin and Li, Xiao-Li},
  journal={PLoS Comput Biol},
  volume={12},
  number={2},
  pages={e1004760},
  year={2016},
  publisher={Public Library of Science}
}

@article{gaulton2012chembl,
  title={ChEMBL: a large-scale bioactivity database for drug discovery},
  author={Gaulton, Anna and Bellis, Louisa J and Bento, A Patricia and Chambers, Jon and Davies, Mark and Hersey, Anne and Light, Yvonne and McGlinchey, Shaun and Michalovich, David and Al-Lazikani, Bissan and others},
  journal={Nucleic acids research},
  volume={40},
  number={D1},
  pages={D1100--D1107},
  year={2012},
  publisher={Oxford Univ Press}
}

@article{wishart2008drugbank,
  title={DrugBank: a knowledgebase for drugs, drug actions and drug targets},
  author={Wishart, David S and Knox, Craig and Guo, An Chi and Cheng, Dean and Shrivastava, Savita and Tzur, Dan and Gautam, Bijaya and Hassanali, Murtaza},
  journal={Nucleic acids research},
  volume={36},
  number={suppl 1},
  pages={D901--D906},
  year={2008},
  publisher={Oxford Univ Press}
}

@article{kanehisa2011kegg,
  title={KEGG for integration and interpretation of large-scale molecular data sets},
  author={Kanehisa, Minoru and Goto, Susumu and Sato, Yoko and Furumichi, Miho and Tanabe, Mao},
  journal={Nucleic acids research},
  pages={gkr988},
  year={2011},
  publisher={Oxford Univ Press}
}

@article{gunther2008supertarget,
  title={SuperTarget and Matador: resources for exploring drug-target relationships},
  author={G{\"u}nther, Stefan and Kuhn, Michael and Dunkel, Mathias and Campillos, Monica and Senger, Christian and Petsalaki, Evangelia and Ahmed, Jessica and Urdiales, Eduardo Garcia and Gewiess, Andreas and Jensen, Lars Juhl and others},
  journal={Nucleic acids research},
  volume={36},
  number={suppl 1},
  pages={D919--D922},
  year={2008},
  publisher={Oxford Univ Press}
}

@article{liu2007bindingdb,
  title={BindingDB: a web-accessible database of experimentally determined protein--ligand binding affinities},
  author={Liu, Tiqing and Lin, Yuhmei and Wen, Xin and Jorissen, Robert N and Gilson, Michael K},
  journal={Nucleic acids research},
  volume={35},
  number={suppl 1},
  pages={D198--D201},
  year={2007},
  publisher={Oxford Univ Press}
}

@article{Koren:2009:MFT:1608565.1608614,
 author = {Koren, Yehuda and Bell, Robert and Volinsky, Chris},
 title = {Matrix Factorization Techniques for Recommender Systems},
 journal = {Computer},
 issue_date = {August 2009},
 volume = {42},
 number = {8},
 month = aug,
 year = {2009},
 issn = {0018-9162},
 pages = {30--37},
 numpages = {8},
 url = {http://dx.doi.org/10.1109/MC.2009.263},
 doi = {10.1109/MC.2009.263},
 acmid = {1608614},
 publisher = {IEEE Computer Society Press},
 address = {Los Alamitos, CA, USA},
 keywords = {Computational intelligence, Computational intelligence, Netflix Prize, Matrix factorization, Matrix factorization, Netflix Prize},
}

@article{ezzat2016drug,
  title={Drug-Target Interaction Prediction with Graph Regularized Matrix Factorization},
  author={Ezzat, Ali and Zhao, Peilin and Wu, Min and Li, Xiaoli and Kwoh, Chee Keong},
  year={2016},
  publisher={IEEE}
}

@inproceedings{gonen2013kernelized,
  title={Kernelized Bayesian Matrix Factorization.},
  author={G{\"o}nen, Mehmet and Khan, Suleiman A and Kaski, Samuel},
  booktitle={ICML (3)},
  pages={864--872},
  year={2013}
}

@article{chin2016libmf,
  title={LIBMF: A library for parallel matrix factorization in shared-memory systems},
  author={Chin, Wei-Sheng and Yuan, Bo-Wen and Yang, Meng-Yuan and Zhuang, Yong and Juan, Yu-Chin and Lin, Chih-Jen},
  journal={Journal of Machine Learning Research},
  volume={17},
  number={86},
  pages={1--5},
  year={2016}
}

