@inproceedings{salakhutdinov2008bayesian,
  title={Bayesian probabilistic matrix factorization using Markov chain Monte Carlo},
  author={Salakhutdinov, Ruslan and Mnih, Andriy},
  booktitle={Proceedings of the 25th international conference on Machine learning},
  pages={880--887},
  year={2008},
  organization={ACM}
}

@article{ding2013similarity,
  title={Similarity-based machine learning methods for predicting drug--target interactions: a brief review},
  author={Ding, Hao and Takigawa, Ichigaku and Mamitsuka, Hiroshi and Zhu, Shanfeng},
  journal={Briefings in Bioinformatics},
  pages={bbt056},
  year={2013},
  publisher={Oxford Univ Press}
}

@article{metz2011navigating,
  title={Navigating the kinome},
  author={Metz, James T and Johnson, Eric F and Soni, Niru B and Merta, Philip J and Kifle, Lemma and Hajduk, Philip J},
  journal={Nature chemical biology},
  volume={7},
  number={4},
  pages={200--202},
  year={2011},
  publisher={Nature Publishing Group}
}

@article{davis2011comprehensive,
  title={Comprehensive analysis of kinase inhibitor selectivity},
  author={Davis, Mindy I and Hunt, Jeremy P and Herrgard, Sanna and Ciceri, Pietro and Wodicka, Lisa M and Pallares, Gabriel and Hocker, Michael and Treiber, Daniel K and Zarrinkar, Patrick P},
  journal={Nature biotechnology},
  volume={29},
  number={11},
  pages={1046--1051},
  year={2011},
  publisher={Nature Publishing Group}
}

@article{pahikkala2014toward,
  title={Toward more realistic drug--target interaction predictions},
  author={Pahikkala, Tapio and Airola, Antti and Pietil{\"a}, Sami and Shakyawar, Sushil and Szwajda, Agnieszka and Tang, Jing and Aittokallio, Tero},
  journal={Briefings in bioinformatics},
  pages={bbu010},
  year={2014},
  publisher={Oxford Univ Press}
}

@inproceedings{Tang2014makingsense},
  title={Making Sense of Large-Scale Kinase Inhibitor Bioactivity Data Sets: A
Comparative and Integrative Analysis},
  author={Jing Tang,Agnieszka Szwajda, Sushil Shakyawar, Tao Xu, Petteri Hintsanen, Krister Wennerberg,
and Tero Aittokallio},
  booktitle={BRIEFINGS IN BIOINFORMATICS. VOL 16. NO 2.},
  pages={325--337},
  year={2014}
}

@article{gonen12bioinfo,
    Author = {G\"{o}nen, Mehmet},
    Journal = {Bioinformatics},
    Number = {18},
    Pages = {2304--2310},
    Title = {Predicting Drug--Target Interactions from Chemical and Genomic
             Kernels Using {B}ayesian Matrix Factorization},
    Volume = {28},
    Year = {2012}}

@article{cobanoglu2013predicting,
  title={Predicting drug--target interactions using probabilistic matrix factorization},
  author={Cobanoglu, Murat Can and Liu, Chang and Hu, Feizhuo and Oltvai, ZoltaÃÅn N and Bahar, Ivet},
  journal={Journal of chemical information and modeling},
  volume={53},
  number={12},
  pages={3399--3409},
  year={2013},
  publisher={ACS Publications}
}

@inproceedings{zheng2013collaborative,
  title={Collaborative matrix factorization with multiple similarities for predicting drug-target interactions},
  author={Zheng, Xiaodong and Ding, Hao and Mamitsuka, Hiroshi and Zhu, Shanfeng},
  booktitle={Proceedings of the 19th ACM SIGKDD international conference on Knowledge discovery and data mining},
  pages={1025--1033},
  year={2013},
  organization={ACM}
}

@article{liu2016neighborhood,
  title={Neighborhood Regularized Logistic Matrix Factorization for Drug-Target Interaction Prediction},
  author={Liu, Yong and Wu, Min and Miao, Chunyan and Zhao, Peilin and Li, Xiao-Li},
  journal={PLoS Comput Biol},
  volume={12},
  number={2},
  pages={e1004760},
  year={2016},
  publisher={Public Library of Science}
}

@article{doi:10.1021/jm300131x,
author = {Christian Kramer and Tuomo Kalliokoski and Peter Gedeck and Anna Vulpetti},
title = {The Experimental Uncertainty of Heterogeneous Public Ki Data},
journal = {Journal of Medicinal Chemistry},
volume = {55},
number = {11},
pages = {5165-5173},
year = {2012},
doi = {10.1021/jm300131x},
    note ={PMID: 22643060},

URL = { 
        http://dx.doi.org/10.1021/jm300131x
    
},
eprint = { 
        http://dx.doi.org/10.1021/jm300131x
    
}

}

@article{brown1977means,
  title={Means and variances of stochastic vector products with applications to random linear models},
  author={Brown, Gerald G and Rutemiller, Herbert C},
  journal={Management Science},
  volume={24},
  number={2},
  pages={210--216},
  year={1977},
  publisher={INFORMS}
}

@article{yamanishi2008prediction,
  title={Prediction of drug--target interaction networks from the integration of chemical and genomic spaces},
  author={Yamanishi, Yoshihiro and Araki, Michihiro and Gutteridge, Alex and Honda, Wataru and Kanehisa, Minoru},
  journal={Bioinformatics},
  volume={24},
  number={13},
  pages={i232--i240},
  year={2008},
  publisher={Oxford Univ Press}
}

@article{koren2009matrix,
  title={Matrix factorization techniques for recommender systems},
  author={Koren, Yehuda and Bell, Robert and Volinsky, Chris},
  journal={Computer},
  number={8},
  pages={30--37},
  year={2009},
  publisher={IEEE}
}



@article{doi:10.1021/ci400709d,
author = {Jing Tang and Agnieszka Szwajda and Sushil Shakyawar and Tao Xu and Petteri Hintsanen and Krister Wennerberg and Tero Aittokallio},
title = {Making Sense of Large-Scale Kinase Inhibitor Bioactivity Data Sets: A Comparative and Integrative Analysis},
journal = {Journal of Chemical Information and Modeling},
volume = {54},
number = {3},
pages = {735-743},
year = {2014},
doi = {10.1021/ci400709d},
    note ={PMID: 24521231},

URL = { 
        http://dx.doi.org/10.1021/ci400709d
    
},
eprint = { 
        http://dx.doi.org/10.1021/ci400709d
    
}

}

@inproceedings{yang2013drug,
  title={Drug-target interaction prediction by integrating chemical, genomic, functional and pharmacological data},
  author={Yang, F and Xu, JINBO and Zeng, JIANYANG},
  booktitle={Pacific Symposium on Biocomputing},
  pages={2304--2310},
  year={2013}
}